

@book{Aguiar2010,
	Author = {Aguiar, Marcelo and Mahajan, Swapneel},
	Booktitle = {Monoidal Functors, Species and {H}opf Algebras},
	Date-Added = {2014-12-29 18:36:52 +0000},
	Date-Modified = {2014-12-29 18:36:52 +0000},
	Number = {29},
	Publisher = {American Mathematical Society},
	Series = {CRM Monograph Series},
	Title = {Monoidal Functors, Species and {H}opf Algebras},
	Year = {2010},
	Bdsk-File-1 = {YnBsaXN0MDDUAQIDBAUGJCVYJHZlcnNpb25YJG9iamVjdHNZJGFyY2hpdmVyVCR0b3ASAAGGoKgHCBMUFRYaIVUkbnVsbNMJCgsMDxJXTlMua2V5c1pOUy5vYmplY3RzViRjbGFzc6INDoACgAOiEBGABIAFgAdccmVsYXRpdmVQYXRoWWFsaWFzRGF0YV8QTC4uLy4uLy4uL1BhcGVycy9hZ3VpYXIvMjAxMC1tb25vaWRhbCBmdW5jdG9ycywgc3BlY2llcyBhbmQgaG9wZiBhbGdlYnJhcy5wZGbSFwsYGVdOUy5kYXRhTxECEgAAAAACEgACAAAMTWFjaW50b3NoIEhEAAAAAAAAAAAAAAAAAAAAzpdlc0grAAAA07CNHzIwMTAtbW9ub2lkYWwgZnVuY3RvI0M0QTZCRi5wZGYAAAAAAAAAAAAAAAAAAAAAAAAAAAAAAAAAAAAAAAAAAADEpr/Qqn4WAAAAAAAAAAAAAwADAAAJIAAAAAAAAAAAAAAAAAAAAAZhZ3VpYXIAEAAIAADOl6vDAAAAEQAIAADQqtJ2AAAAAQAQANOwjQAJ0YgACPbJAAJkjgACAE1NYWNpbnRvc2ggSEQ6VXNlcnM6AGplZG91Z2hlOgBQYXBlcnM6AGFndWlhcjoAMjAxMC1tb25vaWRhbCBmdW5jdG8jQzRBNkJGLnBkZgAADgBsADUAMgAwADEAMAAtAG0AbwBuAG8AaQBkAGEAbAAgAGYAdQBuAGMAdABvAHIAcwAsACAAcwBwAGUAYwBpAGUAcwAgAGEAbgBkACAAaABvAHAAZgAgAGEAbABnAGUAYgByAGEAcwAuAHAAZABmAA8AGgAMAE0AYQBjAGkAbgB0AG8AcwBoACAASABEABIAUlVzZXJzL2plZG91Z2hlL1BhcGVycy9hZ3VpYXIvMjAxMC1tb25vaWRhbCBmdW5jdG9ycywgc3BlY2llcyBhbmQgaG9wZiBhbGdlYnJhcy5wZGYAEwABLwAAFQACAA///wAAgAbSGxwdHlokY2xhc3NuYW1lWCRjbGFzc2VzXU5TTXV0YWJsZURhdGGjHR8gVk5TRGF0YVhOU09iamVjdNIbHCIjXE5TRGljdGlvbmFyeaIiIF8QD05TS2V5ZWRBcmNoaXZlctEmJ1Ryb290gAEACAARABoAIwAtADIANwBAAEYATQBVAGAAZwBqAGwAbgBxAHMAdQB3AIQAjgDdAOIA6gMAAwIDBwMSAxsDKQMtAzQDPQNCA08DUgNkA2cDbAAAAAAAAAIBAAAAAAAAACgAAAAAAAAAAAAAAAAAAANu}}

@misc{Baez2007,
	Author = {Baez, John C. and Shulman, Michael},
	Date-Added = {2014-12-20 01:50:24 +0000},
	Date-Modified = {2014-12-20 01:52:20 +0000},
	Howpublished = {\href{http://arxiv.org/abs/math/0608420}{arXiv:math/0608420}},
	Month = {October},
	Title = {Lectures on $n$-categories and cohomology},
	Year = {2007},
	Bdsk-File-1 = {YnBsaXN0MDDUAQIDBAUGJCVYJHZlcnNpb25YJG9iamVjdHNZJGFyY2hpdmVyVCR0b3ASAAGGoKgHCBMUFRYaIVUkbnVsbNMJCgsMDxJXTlMua2V5c1pOUy5vYmplY3RzViRjbGFzc6INDoACgAOiEBGABIAFgAdccmVsYXRpdmVQYXRoWWFsaWFzRGF0YV8QRy4uLy4uLy4uL1BhcGVycy9iYWV6LzIwMDctbGVjdHVyZXMgb24gJG4kLWNhdGVnb3JpZXMgYW5kIGNvaG9tb2xvZ3kucGRm0hcLGBlXTlMuZGF0YU8RAgQAAAAAAgQAAgAADE1hY2ludG9zaCBIRAAAAAAAAAAAAAAAAAAAAM6XZXNIKwAAABqYYR8yMDA3LWxlY3R1cmVzIG9uICRuJCNCN0FGNTcucGRmAAAAAAAAAAAAAAAAAAAAAAAAAAAAAAAAAAAAAAAAAAAAt69X0J6FgVBERiAAAAAAAAMAAwAACSAAAAAAAAAAAAAAAAAAAAAEYmFlegAQAAgAAM6Xq8MAAAARAAgAANCe2eEAAAABABAAGphhAAnRiAAI9skAAmSOAAIAS01hY2ludG9zaCBIRDpVc2VyczoAamVkb3VnaGU6AFBhcGVyczoAYmFlejoAMjAwNy1sZWN0dXJlcyBvbiAkbiQjQjdBRjU3LnBkZgAADgBmADIAMgAwADAANwAtAGwAZQBjAHQAdQByAGUAcwAgAG8AbgAgACQAbgAkAC0AYwBhAHQAZQBnAG8AcgBpAGUAcwAgAGEAbgBkACAAYwBvAGgAbwBtAG8AbABvAGcAeQAuAHAAZABmAA8AGgAMAE0AYQBjAGkAbgB0AG8AcwBoACAASABEABIATVVzZXJzL2plZG91Z2hlL1BhcGVycy9iYWV6LzIwMDctbGVjdHVyZXMgb24gJG4kLWNhdGVnb3JpZXMgYW5kIGNvaG9tb2xvZ3kucGRmAAATAAEvAAAVAAIAD///AACABtIbHB0eWiRjbGFzc25hbWVYJGNsYXNzZXNdTlNNdXRhYmxlRGF0YaMdHyBWTlNEYXRhWE5TT2JqZWN00hscIiNcTlNEaWN0aW9uYXJ5oiIgXxAPTlNLZXllZEFyY2hpdmVy0SYnVHJvb3SAAQAIABEAGgAjAC0AMgA3AEAARgBNAFUAYABnAGoAbABuAHEAcwB1AHcAhACOANgA3QDlAu0C7wL0Av8DCAMWAxoDIQMqAy8DPAM/A1EDVANZAAAAAAAAAgEAAAAAAAAAKAAAAAAAAAAAAAAAAAAAA1s=}}

@misc{Bergeron2013,
	Author = {Bergeron, Fran{\c c}ois and Labelle, Gilbert and Leroux, Pierre},
	Booktitle = {Introduction to the Theory of Species of Structures},
	Date-Added = {2014-12-20 01:49:52 +0000},
	Date-Modified = {2014-12-20 01:49:52 +0000},
	Howpublished = {unpublished book},
	Keywords = {combinatorial species},
	Month = {November},
	Title = {Introduction to the Theory of Species of Structures},
	Year = {2013},
	Bdsk-File-1 = {YnBsaXN0MDDUAQIDBAUGJCVYJHZlcnNpb25YJG9iamVjdHNZJGFyY2hpdmVyVCR0b3ASAAGGoKgHCBMUFRYaIVUkbnVsbNMJCgsMDxJXTlMua2V5c1pOUy5vYmplY3RzViRjbGFzc6INDoACgAOiEBGABIAFgAdccmVsYXRpdmVQYXRoWWFsaWFzRGF0YV8QVS4uLy4uLy4uL1BhcGVycy9iZXJnZXJvbi8yMDEzLWludHJvZHVjdGlvbiB0byB0aGUgdGhlb3J5IG9mIHNwZWNpZXMgb2Ygc3RydWN0dXJlcy5wZGbSFwsYGVdOUy5kYXRhTxECLgAAAAACLgACAAAMTWFjaW50b3NoIEhEAAAAAAAAAAAAAAAAAAAAzpdlc0grAAAAw+H8HzIwMTMtaW50cm9kdWN0aW9uIHRvI0E2MUQyMi5wZGYAAAAAAAAAAAAAAAAAAAAAAAAAAAAAAAAAAAAAAAAAAACmHSLQdtm9AAAAAAAAAAAAAwADAAAJIAAAAAAAAAAAAAAAAAAAAAhiZXJnZXJvbgAQAAgAAM6Xq8MAAAARAAgAANB3IA0AAAABABAAw+H8AAnRiAAI9skAAmSOAAIAT01hY2ludG9zaCBIRDpVc2VyczoAamVkb3VnaGU6AFBhcGVyczoAYmVyZ2Vyb246ADIwMTMtaW50cm9kdWN0aW9uIHRvI0E2MUQyMi5wZGYAAA4AegA8ADIAMAAxADMALQBpAG4AdAByAG8AZAB1AGMAdABpAG8AbgAgAHQAbwAgAHQAaABlACAAdABoAGUAbwByAHkAIABvAGYAIABzAHAAZQBjAGkAZQBzACAAbwBmACAAcwB0AHIAdQBjAHQAdQByAGUAcwAuAHAAZABmAA8AGgAMAE0AYQBjAGkAbgB0AG8AcwBoACAASABEABIAW1VzZXJzL2plZG91Z2hlL1BhcGVycy9iZXJnZXJvbi8yMDEzLWludHJvZHVjdGlvbiB0byB0aGUgdGhlb3J5IG9mIHNwZWNpZXMgb2Ygc3RydWN0dXJlcy5wZGYAABMAAS8AABUAAgAP//8AAIAG0hscHR5aJGNsYXNzbmFtZVgkY2xhc3Nlc11OU011dGFibGVEYXRhox0fIFZOU0RhdGFYTlNPYmplY3TSGxwiI1xOU0RpY3Rpb25hcnmiIiBfEA9OU0tleWVkQXJjaGl2ZXLRJidUcm9vdIABAAgAEQAaACMALQAyADcAQABGAE0AVQBgAGcAagBsAG4AcQBzAHUAdwCEAI4A5gDrAPMDJQMnAywDNwNAA04DUgNZA2IDZwN0A3cDiQOMA5EAAAAAAAACAQAAAAAAAAAoAAAAAAAAAAAAAAAAAAADkw==}}

@misc{Baez2004a,
	Author = {Baez, John C. and Wise, Derek},
	Date-Added = {2014-12-20 01:48:43 +0000},
	Date-Modified = {2014-12-20 01:49:12 +0000},
	Howpublished = {handwritten notes},
	Title = {Quantization and Categorification: Winter Quarter Notes},
	Url = {http://math.ucr.edu/home/baez/qg-winter2004/},
	Year = {2004},
	Bdsk-Url-1 = {http://math.ucr.edu/home/baez/qg-fall2003/},
	Bdsk-Url-2 = {http://math.ucr.edu/home/baez/qg-winter2004/}}

@misc{Baez2004b,
	Author = {Baez, John C. and Wise, Derek},
	Date-Added = {2014-12-20 01:48:41 +0000},
	Date-Modified = {2014-12-20 01:49:32 +0000},
	Howpublished = {handwritten notes},
	Title = {Quantization and Categorification: Spring Quarter Notes},
	Url = {http://math.ucr.edu/home/baez/qg-spring2004/},
	Year = {2004},
	Bdsk-Url-1 = {http://math.ucr.edu/home/baez/qg-fall2003/},
	Bdsk-Url-2 = {http://math.ucr.edu/home/baez/qg-spring2004/}}

@misc{Baez2003,
	Author = {Baez, John C. and Wise, Derek},
	Date-Added = {2014-12-20 01:47:40 +0000},
	Date-Modified = {2014-12-20 01:48:38 +0000},
	Howpublished = {handwritten notes},
	Title = {Quantization and Categorification: Fall Quarter Notes},
	Url = {http://math.ucr.edu/home/baez/qg-fall2003/},
	Year = {2003},
	Bdsk-Url-1 = {http://math.ucr.edu/home/baez/qg-fall2003/}}

@incollection{Baez2001,
	Address = {Berlin},
	Author = {Baez, John C. and Dolan, James},
	Booktitle = {Mathmatics Unlimited --- 2001 and Beyond},
	Date-Added = {2014-12-20 01:43:53 +0000},
	Date-Modified = {2014-12-20 01:43:53 +0000},
	Editor = {Engquist, Bj{\"o}rn and Schmid, Wilfried},
	Pages = {29--50},
	Publisher = {Springer},
	Title = {From Finite Sets to {F}eynman Diagrams},
	Volume = {1},
	Year = {2001}}

@article{Joyal1981,
	Author = {Joyal, Andr{\'e}},
	Date-Added = {2014-12-16 05:35:44 +0000},
	Date-Modified = {2014-12-16 05:36:41 +0000},
	Journal = {Advances in Mathematics},
	Pages = {1--82},
	Title = {Une th{\'e}orie combinatoire des s{\'e}ries formelles},
	Volume = {42},
	Year = {1981},
	Bdsk-File-1 = {YnBsaXN0MDDUAQIDBAUGJCVYJHZlcnNpb25YJG9iamVjdHNZJGFyY2hpdmVyVCR0b3ASAAGGoKgHCBMUFRYaIVUkbnVsbNMJCgsMDxJXTlMua2V5c1pOUy5vYmplY3RzViRjbGFzc6INDoACgAOiEBGABIAFgAdccmVsYXRpdmVQYXRoWWFsaWFzRGF0YV8QTC4uLy4uLy4uL1BhcGVycy9qb3lhbC8xOTgxLXVuZSB0aGVvcmllIGNvbWJpbmF0b2lyZSBkZXMgc2VyaWVzIGZvcm1lbGxlcy5wZGbSFwsYGVdOUy5kYXRhTxECEgAAAAACEgACAAAMTWFjaW50b3NoIEhEAAAAAAAAAAAAAAAAAAAAzpdlc0grAAAAzBt9HzE5ODEtdW5lIHRoZW9yaWUgY29tI0NDMUIzMy5wZGYAAAAAAAAAAAAAAAAAAAAAAAAAAAAAAAAAAAAAAAAAAADMGzPQt3nGUERGIAAAAAAAAwADAAAJIAAAAAAAAAAAAAAAAAAAAAVqb3lhbAAAEAAIAADOl6vDAAAAEQAIAADQt84mAAAAAQAQAMwbfQAJ0YgACPbJAAJkjgACAExNYWNpbnRvc2ggSEQ6VXNlcnM6AGplZG91Z2hlOgBQYXBlcnM6AGpveWFsOgAxOTgxLXVuZSB0aGVvcmllIGNvbSNDQzFCMzMucGRmAA4AbgA2ADEAOQA4ADEALQB1AG4AZQAgAHQAaABlAG8AcgBpAGUAIABjAG8AbQBiAGkAbgBhAHQAbwBpAHIAZQAgAGQAZQBzACAAcwBlAHIAaQBlAHMAIABmAG8AcgBtAGUAbABsAGUAcwAuAHAAZABmAA8AGgAMAE0AYQBjAGkAbgB0AG8AcwBoACAASABEABIAUlVzZXJzL2plZG91Z2hlL1BhcGVycy9qb3lhbC8xOTgxLXVuZSB0aGVvcmllIGNvbWJpbmF0b2lyZSBkZXMgc2VyaWVzIGZvcm1lbGxlcy5wZGYAEwABLwAAFQACAA///wAAgAbSGxwdHlokY2xhc3NuYW1lWCRjbGFzc2VzXU5TTXV0YWJsZURhdGGjHR8gVk5TRGF0YVhOU09iamVjdNIbHCIjXE5TRGljdGlvbmFyeaIiIF8QD05TS2V5ZWRBcmNoaXZlctEmJ1Ryb290gAEACAARABoAIwAtADIANwBAAEYATQBVAGAAZwBqAGwAbgBxAHMAdQB3AIQAjgDdAOIA6gMAAwIDBwMSAxsDKQMtAzQDPQNCA08DUgNkA2cDbAAAAAAAAAIBAAAAAAAAACgAAAAAAAAAAAAAAAAAAANu}}

@book{UFP2013,
	Address = {Institute for Advanced Study},
	Author = {{The Univalent Foundations Program}},
	Date-Added = {2014-12-16 05:30:24 +0000},
	Date-Modified = {2014-12-16 05:30:24 +0000},
	Publisher = {\url{http://homotopytypetheory.org/book}},
	Title = {Homotopy Type Theory: Univalent Foundations of Mathematics},
	Year = 2013}
